@electronic{newzoo,
   author = {Wijman, Tom},
  title   = {Newzooâ€™s 2018 Report: Insights Into the \$137.9 Billion Global Games Market},
  url     = {https://newzoo.com/insights/articles/newzoos-2018-report-insights-into-the-137-9-billion-global-games-market/},
  urldate = {2019-03-07}
}