@article{Darwin:1859,
author = {C. Darwin},
title = {On the origin of species by means of natural selection},
journal = {John Murray Publishment},
year = 1859
}
@book{Chalmers:2013,
author = {A. Chalmers},
edition = {4th},
isbn = {},
publisher = {University of {Q}ueensland {P}ress},
title = {What is this thing called science?},
year = {2013}
}


